<?xml version="1.0" encoding="UTF-8"?><collection><record><leader>05216ntm a2200529 a 4500</leader><controlfield tag="001">102137756</controlfield><controlfield tag="003">MiAaHDL</controlfield><controlfield tag="005">20190719000000.0</controlfield><controlfield tag="006">m        d        </controlfield><controlfield tag="007">cr bn ---auaua</controlfield><controlfield tag="008">140327s1492    xx            00| ||ara d</controlfield><datafield tag="035" ind1=" " ind2=" "><subfield code="a">(MiU)012812597</subfield></datafield><datafield tag="035" ind1=" " ind2=" "><subfield code="a">sdr-miu012812597</subfield></datafield><datafield tag="040" ind1=" " ind2=" "><subfield code="a">MiU</subfield><subfield code="c">MiU</subfield><subfield code="e">amremm</subfield></datafield><datafield tag="043" ind1=" " ind2=" "><subfield code="a">n-us-mi</subfield></datafield><datafield tag="100" ind1="0" ind2=" "><subfield code="6">880-01</subfield><subfield code="a">Pseudo-Galenus.</subfield></datafield><datafield tag="245" ind1="1" ind2="0"><subfield code="6">880-03</subfield><subfield code="a">Asrār al-nisāʼ,</subfield><subfield code="f">[898, i.e. 1492].</subfield></datafield><datafield tag="246" ind1="3" ind2=" "><subfield code="i">Title from heading at opening on p.1:</subfield><subfield code="a">اسرار النسا</subfield></datafield><datafield tag="260" ind1=" " ind2=" "><subfield code="c">[1492]</subfield></datafield><datafield tag="300" ind1=" " ind2=" "><subfield code="a">19, 7 leaves :</subfield><subfield code="b">paper ;</subfield><subfield code="c">180 x 130 (120 x 75) mm bound to 185 x 135 mm.</subfield></datafield><datafield tag="500" ind1=" " ind2=" "><subfield code="a">Shelfmark: Ann Arbor, University of Michigan, Special Collections Library, Isl. Ms. 1058</subfield></datafield><datafield tag="500" ind1=" " ind2=" "><subfield code="a">Origin: As appears in colophon on p.38, transcription completed in the last days of Muḥarram 898 [ca. November 1492].</subfield></datafield><datafield tag="500" ind1=" " ind2=" "><subfield code="a">Binding: Limp brown leather covers with dark brown leather over spine (type of quarter binding) ; Type III binding (without flap), tight back though not fully flush with text block (ill-fitting or deliberate squares) ; now linings (potentially once flyleaves) in what appears to be European laid paper ; now sewn in white thread, not original ; overall in good condition with minor abrasion, etc.</subfield></datafield><datafield tag="500" ind1=" " ind2=" "><subfield code="a">Support: non-European (possibly Persianate) laid paper with roughly 8 laid lines per cm. (horizontal, fairly straight) and chain lines only rarely visible in pairs (see p.32) ; only somewhat cloudy furnish with inclusions and bits of fiber visible, heavy and sturdy, quite well-burnished to glossy.</subfield></datafield><datafield tag="500" ind1=" " ind2=" "><subfield code="a">Decoration: Keywords and headings rubricated.</subfield></datafield><datafield tag="500" ind1=" " ind2=" "><subfield code="a">Script: Naskh-nastaʻlīq (talik) ; chiefly a clear Turkish / Turkic hand ; serifless with effect of words inclining slightly to the right, elongation of horizontal strokes, foot of lām, kāf, etc. quite curvilinear, kāf mashqūqah preferred with shaqq (curving upward) on even final kāf, final tāʼ marbūṭah often given as tāʼ maftūḥah, point of final or free-standing nūn set either down at center or floating above tall bowl, very casually pointed with pointing for two dots typically via conjoined dots, etc.</subfield></datafield><datafield tag="500" ind1=" " ind2=" "><subfield code="a">Layout: Written in 19 lines per page (single column) ; frame-ruled (impression of ruling board quite evident).</subfield></datafield><datafield tag="500" ind1=" " ind2=" "><subfield code="a">Collation: III-2+3 (7), IV (15), IV-1+4 (26) ; 19 original leaves (paginated 1-38) with 7 added leaves, 3 at the opening of the codex, 4 at the close ; original composition of opening gathering uncertain due to repairs ; mainly quaternions originally ; catchwords present ; pagination in pencil, Western numerals, center of lower margin of each text page ; added leaves at opening and close of codex not paginated.</subfield></datafield><datafield tag="500" ind1=" " ind2=" "><subfield code="a">Colophon: "Scribal," triangular, reads "تم الكتاب بعون الملك الوهاب فى اواخر شهر محرم سنه ٨٩٨ اللهم اغفر لكاتبه ولقاريه ولمن نظر فيه آمين رب العالمين تم"</subfield></datafield><datafield tag="500" ind1=" " ind2=" "><subfield code="a">Explicit: "يكون محتويا الى النساء ويكون محفوظا عن اذى الجن والارواح وغيرها والله اعلم بالصواب واليه المرجع والمآب"</subfield></datafield><datafield tag="500" ind1=" " ind2=" "><subfield code="a">Incipit: "لما راينا ان الجزء الاول المختص باسرار الرجال انتهى الى آخره على ما تقدم ذكرها وفصولها لزمنان [كذا] نذكر ايضا فى اسرار النساء التي تدعو الى موافقهن وتوجب الميل اليهن..."</subfield></datafield><datafield tag="500" ind1=" " ind2=" "><subfield code="a">Title from opening matter on p.1.</subfield></datafield><datafield tag="500" ind1=" " ind2=" "><subfield code="a">Manuscript codex.</subfield></datafield><datafield tag="510" ind1="4" ind2=" "><subfield code="a">Sezgin, F. GAS,</subfield><subfield code="c">III 127</subfield></datafield><datafield tag="510" ind1="4" ind2=" "><subfield code="a">Levey, Martin and Safwat S. Souryal. "Galen's On the Secrets of Women and On the Secrets of Men: A Contribution to the History of Arabic Pharmacology." Janus LV 2-3 (1968): 208-219.</subfield></datafield><datafield tag="510" ind1="4" ind2=" "><subfield code="a">Islamic Manuscripts, Catalogue 1424, Bernard Quaritch Ltd (London: Bernard Quaritch Ltd, 2013),</subfield><subfield code="c">no.17</subfield></datafield><datafield tag="520" ind1=" " ind2=" "><subfield code="a">Fine copy of a treatise of materia medica attributed to Galen, including a number of recipes for drugs intended to treat various sexual conditions.</subfield></datafield><datafield tag="538" ind1=" " ind2=" "><subfield code="a">Mode of access: Internet.</subfield></datafield><datafield tag="541" ind1=" " ind2=" "><subfield code="c">Purchase ;</subfield><subfield code="a">Quaritch</subfield><subfield code="d">Received: 2013/10/15</subfield></datafield><datafield tag="546" ind1=" " ind2=" "><subfield code="a">Arabic.</subfield></datafield><datafield tag="561" ind1=" " ind2=" "><subfield code="a">On verso of added leaf, inscribed by the Library “SPEC. ISLM | 500562325, QUARITCH | SPAUL-2014 | 10-15-13” ; a few marginal corrections and glosses in different hands, some in hand of copyist ; on leaves now lining limp leather covers numerous notes, anecdotes and excerpts in Arabic and Ottoman Turkish including instructions for recitation / invocation to achieve one’s desires, such as "من قرأ سورة الفتح الشريف اربعين مرة يحصل مراده ايا كان" ;</subfield></datafield><datafield tag="650" ind1=" " ind2="0"><subfield code="a">Manuscripts, Arabic</subfield><subfield code="z">Michigan</subfield><subfield code="z">Ann Arbor.</subfield></datafield><datafield tag="650" ind1=" " ind2="0"><subfield code="a">Erotic literature, Arabic</subfield><subfield code="v">Early works to 1800.</subfield></datafield><datafield tag="650" ind1=" " ind2="0"><subfield code="a">Human body</subfield><subfield code="x">Erotic aspects.</subfield></datafield><datafield tag="650" ind1=" " ind2="0"><subfield code="a">Sexual health</subfield><subfield code="v">Early works to 1800.</subfield></datafield><datafield tag="650" ind1=" " ind2="0"><subfield code="a">Materia medica</subfield><subfield code="v">Early works to 1800.</subfield></datafield><datafield tag="650" ind1=" " ind2="0"><subfield code="a">Pharmacopoeias</subfield><subfield code="v">Early works to 1800.</subfield></datafield><datafield tag="650" ind1=" " ind2="0"><subfield code="a">Traditional medicine</subfield><subfield code="v">Formulae, receipts, prescriptions.</subfield></datafield><datafield tag="650" ind1=" " ind2="0"><subfield code="a">Medicine, Arab.</subfield></datafield><datafield tag="880" ind1="1" ind2="0"><subfield code="6">245-03/</subfield><subfield code="a">اسرار النساء،</subfield><subfield code="f">[989ه، 1492م].</subfield></datafield><datafield tag="CID" ind1=" " ind2=" "><subfield code="a">102137756</subfield></datafield><datafield tag="DAT" ind1="0" ind2=" "><subfield code="a">20190719102642.0</subfield><subfield code="b">20190719000000.0</subfield></datafield><datafield tag="DAT" ind1="1" ind2=" "><subfield code="a">20190719090653.0</subfield><subfield code="b">2019-07-19T16:10:24Z</subfield></datafield><datafield tag="DAT" ind1="2" ind2=" "><subfield code="a">2018-12-22T19:00:03Z</subfield></datafield><datafield tag="CAT" ind1=" " ind2=" "><subfield code="a">SDR-MIU</subfield><subfield code="d">EX LIBRIS - ALEPH</subfield><subfield code="l">prepare.pl-004-008</subfield></datafield><datafield tag="FMT" ind1=" " ind2=" "><subfield code="a">BK</subfield></datafield><datafield tag="HOL" ind1=" " ind2=" "><subfield code="0">sdr-miu012812597</subfield><subfield code="a">MiU</subfield><subfield code="b">SDR</subfield><subfield code="c">MIU</subfield><subfield code="p">mdp.39015079133503</subfield><subfield code="s">MIU</subfield><subfield code="1">012812597</subfield></datafield><datafield tag="974" ind1=" " ind2=" "><subfield code="b">MIU</subfield><subfield code="c">MIU</subfield><subfield code="d">20190719</subfield><subfield code="s">lit-dlps-dc</subfield><subfield code="u">mdp.39015079133503</subfield><subfield code="y">1492</subfield><subfield code="r">pd</subfield><subfield code="q">bib</subfield><subfield code="t">non-US bib date1 &lt; 1879</subfield></datafield></record></collection>